<record><leader>00000cas a22000007a 4500</leader><controlfield tag="001">19581657</controlfield><controlfield tag="008">890421d19701974mduwr ne      0    0eng d</controlfield><datafield ind1=" " ind2=" " tag="010"><subfield code="a">sn 89061491 </subfield></datafield><datafield ind1=" " ind2=" " tag="040"><subfield code="a">MFN</subfield><subfield code="b">eng</subfield><subfield code="c">MFN</subfield><subfield code="d">OCLCQ</subfield></datafield><datafield ind1=" " ind2=" " tag="042"><subfield code="a">msc</subfield></datafield><datafield ind1=" " ind2="4" tag="050"><subfield code="a">AN41.68</subfield><subfield code="b">.B5</subfield></datafield><datafield ind1="0" ind2=" " tag="130"><subfield code="a">Bill (Rockville, Md.)</subfield></datafield><datafield ind1="1" ind2="4" tag="245"><subfield code="a">The bill.</subfield></datafield><datafield ind1=" " ind2=" " tag="260"><subfield code="a">Rockville, Md. :</subfield><subfield code="b">[s.n.]</subfield></datafield><datafield ind1=" " ind2=" " tag="300"><subfield code="a">v.</subfield></datafield><datafield ind1=" " ind2=" " tag="310"><subfield code="a">Weekly</subfield></datafield><datafield ind1="1" ind2=" " tag="362"><subfield code="a">Began in 1970?</subfield></datafield><datafield ind1="0" ind2=" " tag="362"><subfield code="a">-v. 5, no. 30 (July 25, 1974).</subfield></datafield><datafield ind1=" " ind2=" " tag="500"><subfield code="a">Published for Prince George's County.</subfield></datafield><datafield ind1=" " ind2=" " tag="588"><subfield code="a">Description based on: Vol. 4, no. 30 (July 26, 1973).</subfield></datafield><datafield ind1=" " ind2=" " tag="752"><subfield code="a">United States</subfield><subfield code="b">Maryland</subfield><subfield code="c">Montgomery</subfield><subfield code="d">Rockville.</subfield></datafield><datafield ind1=" " ind2=" " tag="752"><subfield code="a">United States</subfield><subfield code="b">Maryland</subfield><subfield code="c">Prince George's.</subfield></datafield><datafield ind1="0" ind2="6" tag="785"><subfield code="t">Today (Rockville, Md. : Prince George's County ed.)</subfield><subfield code="w">(DLC)sn 89061499</subfield></datafield><datafield ind1="0" ind2="6" tag="785"><subfield code="t">Today (Rockville, Md. : Montgomery County ed.)</subfield><subfield code="w">(DLC)sn 89061500</subfield></datafield><datafield ind1="1" ind2=" " tag="029"><subfield code="a">AU@</subfield><subfield code="b">000025848960</subfield></datafield></record>